Date,Type,Merchant/Description,Debit/Credit,Balance
11/01/2021,OBP,************************************,-£150.00,+£1023.70
11/01/2021,VIS,UNIVERSITY OF ST A***** ******,-£2953.50,+£1173.70
05/01/2021,))),TESCO-STORES **** DUNDEE,-£2.75,+£4127.20
04/01/2021,))),MARKS&SPENCER PLC THE DOCKS,-£9.13,+£4129.95
04/01/2021,DD,E.ON,-£6.00,+£4139.08
04/01/2021,CR,******************,+£3703.26,+£4145.08
02/01/2021,CR,************************************,+£300.00,+£441.82
31/12/2020,CR,************************************,+£500.00,+£141.82
31/12/2020,CR,************************************,+£250.00,-£358.18
31/12/2020,SO,************************************,-£540.00,-£608.18
29/12/2020,VIS,INT'L **********  PAYPAL *NINTENDO  **********,-£11.99,-£68.18
29/12/2020,VIS,INT'L **********  PAYPAL *NINTENDO  **********,-£9.99,-£56.19
29/12/2020,VIS,PAYPAL *SPOTIFY   ***********,-£4.99,-£46.20
29/12/2020,CR,******************,+£6.00,-£41.21
24/12/2020,))),B&M RETAIL LTD    DUNDEE,-£5.68,-£47.21
24/12/2020,))),TESCO STORE ****  DUNDEE,-£32.93,-£41.53
24/12/2020,DD,E.ON,-£6.00,-£8.60
23/12/2020,))),SQ *THE BACH      DUNDEE,-£23.50,-£2.60
23/12/2020,))),STARBUCKS         DUNDEE,-£2.50,+£20.90
23/12/2020,))),LIDL GB DUNDEE    DUNDEE,-£7.76,+£23.40
22/12/2020,VIS,INT'L **********  AMAZON.CO.UK*MS*TDAMAZON.CO.UK,-£18.99,+£31.16
22/12/2020,VIS,INT'L **********  AMAZON PRIME*MS*KEAMZN.CO.UK/PM,-£3.99,+£50.15
21/12/2020,ATM,CASH NOTEMAC DEC21MORRISONS DU@18:44,-£20.00,+£54.14
21/12/2020,VIS,PAYPAL *GOOGLE GOO***********,-£1.59,+£74.14
21/12/2020,))),TESCO STORE ****  DUNDEE,-£31.38,+£75.73
18/12/2020,))),UNIVERSITY OF ST. ST ANDREWS,-£6.45,+£107.11
18/12/2020,))),TASTE OF SCOTLAND ST ANDREWS,-£30.63,+£113.56
18/12/2020,))),CROMAR'S          ST. ANDREWS,-£19.60,+£144.19
18/12/2020,VIS,PAYPAL *UNIQLO    ***********,-£131.30,+£163.79
16/12/2020,))),SQ *THE BACH      DUNDEE,-£20.70,+£295.09
16/12/2020,))),MARKS&SPENCER PLC DUNDEE,-£10.75,+£315.79
16/12/2020,))),POST OFFICE COUNTEDUNDEE,-£7.80,+£326.54
16/12/2020,VIS,SP * BAKEDIN      BASINGSTOKE,-£20.99,+£334.34
15/12/2020,CR,************************************,+£52.00,+£355.33
15/12/2020,VIS,PAYPAL *BULKPOWDER***********,-£24.72,+£303.33
11/12/2020,CR,************************************,+£120.00,+£328.05
11/12/2020,CR,************************************,+£130.00,+£208.05
11/12/2020,DD,XERCISE*LESS      FIRST PAYMENT,-£9.99,+£78.05
10/12/2020,VIS,DVSA              SWANSEA,-£62.00,+£88.04
09/12/2020,BP,************************************,-£52.00,+£150.04
09/12/2020,CR,************************************,+£150.00,+£202.04
08/12/2020,VIS,PAYPAL *ETSY.COM  ***********,-£27.00,+£52.04
08/12/2020,VIS,PAYPAL *ETSY UK   ***********,-£8.50,+£79.04
08/12/2020,VIS,PAYPAL *NINTENDO U***********,-£319.99,+£87.54
05/12/2020,OBP,************************************,-£100.00,+£407.53
04/12/2020,CR,************************************,+£250.00,+£507.53
01/12/2020,CR,************************************,+£300.00,+£257.53
01/12/2020,DD,E.ON,-£6.00,-£42.47
30/11/2020,VIS,INT'L **********  PAYPAL *NINTENDO  **********,-£12.59,-£36.47
30/11/2020,VIS,INT'L **********  PAYPAL *NINTENDO  **********,-£1.00,-£23.88
30/11/2020,VIS,INT'L **********  PAYPAL *NINTENDO  **********,-£1.94,-£22.88
30/11/2020,VIS,PAYPAL *MONTEZUMAS***********,-£27.12,-£20.94
30/11/2020,VIS,PAYPAL *BUMBLE    ***********,-£17.62,+£6.18
30/11/2020,VIS,PAYPAL *SPOTIFY   ***********,-£4.99,+£23.80
30/11/2020,VIS,PAYPAL *RIDING    ***********,+£20.00,+£28.79
30/11/2020,SO,************************************,-£540.00,+£8.79
27/11/2020,CR,************************************,+£400.00,+£548.79
27/11/2020,BP,************************************,-£65.00,+£148.79
26/11/2020,VIS,DVSA              SWANSEA,-£62.00,+£213.79
25/11/2020,CR,************************************,+£120.00,+£275.79
25/11/2020,BP,************************************,-£39.00,+£155.79
24/11/2020,))),UNIVERSITY OF ST AST ANDREWS,-£9.60,+£194.79
23/11/2020,))),TESCO STORE ****  DUNDEE,-£32.52,+£204.39
23/11/2020,VIS,PAYPAL *RIDING    ***********,-£20.00,+£236.91
20/11/2020,VIS,PAYPAL *GOOGLE GOO***********,-£1.59,+£256.91
16/11/2020,VIS,INT'L **********  Prime Video*M**XQ****-********,-£0.99,+£258.50
16/11/2020,VIS,INT'L **********  Amazon.co.uk*M**WNAMAZON.CO.UK,-£9.99,+£259.49
16/11/2020,VIS,PAYPAL *J S POPCOR***********,-£19.95,+£269.48
11/11/2020,BP,************************************,-£104.00,+£289.43
11/11/2020,DD,HARLANDS,-£9.99,+£393.43
09/11/2020,VIS,UNIVERSITY OF ST A***** ******,-£120.00,+£403.42
09/11/2020,VIS,UNIVERSITY OF ST A***** ******,-£120.00,+£523.42
09/11/2020,))),IZ *Club cars     St andrews,-£10.00,+£643.42
09/11/2020,))),H & M             DUNDEE,-£17.04,+£653.42
09/11/2020,))),DEBENHAMS         DUNDEE SW,-£19.12,+£670.46
09/11/2020,))),SUPERDRUG STORES POVERGATE,-£16.20,+£689.58
06/11/2020,BP,************************************,-£150.00,+£705.78
06/11/2020,))),WM MORRISONS STOREDUNDEE,-£44.03,+£855.78
05/11/2020,VIS,INT'L **********  Amazon.co.uk*M****AMAZON.CO.UK,-£19.22,+£899.81
05/11/2020,VIS,DVSA              SWANSEA,-£62.00,+£919.03
05/11/2020,VIS,GOOGLE *Google Plag.co/helppay#,-£6.38,+£981.03
04/11/2020,VIS,INT'L **********  PAYPAL *FACEBK REF***********,-£5.00,+£987.41
04/11/2020,VIS,INT'L **********  Amazon.co.uk*M***CAMAZON.CO.UK,-£9.48,+£992.41
04/11/2020,CR,************************************,+£0.03,+£1001.89
04/11/2020,VIS,INT'L **********  ALIEXPRESS        LONDON            USD *.** @ *.****  Visa Rate,+£1.41,+£1001.86
03/11/2020,BP,************************************,-£540.00,+£1000.45
03/11/2020,BP,************************************,-£43.66,+£1540.45
03/11/2020,BP,************************************,-£98.00,+£1584.11
02/11/2020,CR,************************************,+£300.00,+£1682.11
02/11/2020,DD,E.ON,-£6.00,+£1382.11
30/10/2020,VIS,INT'L **********  Amazon.co.uk*MC**KAMAZON.CO.UK,-£29.32,+£1388.11
30/10/2020,DR,************************************,-£0.03,+£1417.43
30/10/2020,VIS,INT'L **********  ALIEXPRESS        LONDON            USD *.** @ *.****  Visa Rate,-£1.43,+£1417.46
29/10/2020,DR,************************************,-£0.43,+£1418.89
29/10/2020,VIS,INT'L **********  WWW.ALIEXPRESS.COMLUXEMBOURG        USD **.** @ *.**** Visa Rate,-£15.90,+£1419.32
29/10/2020,DR,************************************,-£0.03,+£1435.22
29/10/2020,VIS,INT'L **********  ALIEXPRESS.COM    London            USD *.** @ *.****  Visa Rate,-£1.42,+£1435.25
29/10/2020,VIS,PAYPAL *RIDING    ***********,-£20.00,+£1436.67
29/10/2020,VIS,PAYPAL *SPOTIFY   ***********,-£4.99,+£1456.67
28/10/2020,VIS,PAYPAL*KEY NATASHARichmond,+£43.27,+£1461.66
26/10/2020,VIS,INT'L **********  AMAZON.CO.UK*MC*Q*AMAZON.CO.UK,-£0.24,+£1418.39
26/10/2020,VIS,INT'L **********  AMAZON PRIME*MC*PEAMZN.CO.UK/PM,-£3.99,+£1418.63
24/10/2020,BP,************************************,-£82.00,+£1422.62
22/10/2020,))),WM MORRISONS STOREDUNDEE,-£31.74,+£1504.62
21/10/2020,CR,************************************,+£790.12,+£1536.36
20/10/2020,VIS,PAYPAL *GOOGLE GOO***********,-£1.59,+£746.24
19/10/2020,VIS,T K MAXX          DUNDEE SW,-£78.73,+£747.83
15/10/2020,VIS,BAKED IN          BASINGSTOKE,-£90.00,+£826.56
14/10/2020,VIS,PAYPAL *RIDING    ***********,-£18.00,+£916.56
13/10/2020,VIS,UNIVERSITY OF ST A***** ******,-£35.00,+£934.56
12/10/2020,BP,************************************,-£126.00,+£969.56
12/10/2020,))),BOOTS DUNDEE      DUNDEE,-£35.08,+£1095.56
12/10/2020,))),LIDL GB DUNDEE    DUNDEE,-£14.73,+£1130.64
12/10/2020,))),SUPERDRUG STORES POVERGATE,-£10.78,+£1145.37
12/10/2020,))),B&M *** - DUNDEE  DUNDEE,-£8.48,+£1156.15
12/10/2020,VIS,BODYCARE          DUNDEE,-£6.97,+£1164.63
12/10/2020,BP,************************************,-£42.00,+£1171.60
12/10/2020,DD,HARLANDS          FIRST PAYMENT,-£9.99,+£1213.60
11/10/2020,BP,************************************,-£100.00,+£1223.59
05/10/2020,VIS,PAYPAL *IKEALIMITE***********,-£23.00,+£1323.59
05/10/2020,VIS,PAYPAL *JUSTEATCOU***********,-£1.36,+£1346.59
05/10/2020,VIS,PAYPAL *IKEALIMITE***********,+£23.00,+£1347.95
02/10/2020,BP,************************************,-£42.00,+£1324.95
01/10/2020,CR,************************************,+£300.00,+£1366.95
29/09/2020,VIS,PAYPAL *SPOTIFY   ***********,-£4.99,+£1066.95
28/09/2020,VIS,DELIVEROO.CO.UK   LONDON,-£14.48,+£1071.94
28/09/2020,VIS,UNIVERSITY OF ST A***** ******,-£2953.50,+£1086.42
28/09/2020,VIS,DELIVEROO.CO.UK   LONDON,-£11.79,+£4039.92
28/09/2020,BP,************************************,-£1235.51,+£4051.71
28/09/2020,CR,************************************,+£1250.00,+£5287.22
24/09/2020,ATM,CASH BARCLAY SEP24DUNDEE HIGH @16:46,-£40.00,+£4037.22
23/09/2020,))),BOOTS DUNDEE      DUNDEE,-£9.00,+£4077.22
23/09/2020,))),PRIMARK           DUNDEE,-£10.35,+£4086.22
22/09/2020,VIS,PAYPAL *VIRGIN WIF***********,-£15.00,+£4096.57
22/09/2020,))),MARKS&SPENCER PLC DUNDEE,-£6.34,+£4111.57
22/09/2020,BP,************************************,-£150.00,+£4117.91
21/09/2020,VIS,PAYPAL *GOOGLE GOO***********,-£1.59,+£4267.91
21/09/2020,VIS,PAYPAL *STAGECOACH***********,-£23.50,+£4269.50
20/09/2020,ATM,CASH RB SCOT SEP20TESCO DUNDEE@20:03,-£40.00,+£4293.00
17/09/2020,VIS,SPORTSDIRECT ***  ***********,-£91.99,+£4333.00
16/09/2020,CR,******************,+£3703.26,+£4424.99
15/09/2020,))),TESCO STORE ****  DUNDEE RIVER,-£23.02,+£721.73
15/09/2020,VIS,DVSA              SWANSEA,-£62.00,+£744.75
15/09/2020,VIS,PAYPAL *VIRGIN WIF***********,-£15.00,+£806.75
15/09/2020,ATM,CASH RB SCOT SEP15DUNDEE CHIEF@13:30,-£30.00,+£821.75
14/09/2020,BP,************************************,-£100.00,+£851.75
14/09/2020,))),Birchwood Emp + CaDundee,-£5.35,+£951.75
14/09/2020,))),ABANDON SHIP BAR  DUNDEE SW,-£13.20,+£957.10
14/09/2020,))),HENRYS COFFEE HOUSDUNDEE,-£4.65,+£970.30
14/09/2020,))),KFC-MURRYGATE     DUNDEE,-£6.49,+£974.95
14/09/2020,))),TESCO STORE ****  DUNDEE RIVER,-£11.80,+£981.44
14/09/2020,VIS,X*L GYMS LIMITED  LANCASHIRE,-£5.00,+£993.24
11/09/2020,VIS,PAYPAL *STAGECOACH***********,-£8.20,+£998.24
11/09/2020,VIS,B JANNETTA        PERTH NW,-£3.40,+£1006.44
10/09/2020,BP,************************************,-£150.00,+£1009.84
10/09/2020,))),TESCO STORE ****  DUNDEE RIVER,-£19.60,+£1159.84
10/09/2020,VIS,DELIVEROO.CO.UK   LONDON,-£11.00,+£1179.44
09/09/2020,))),FIVE GUYS DUNDEE  DUNDEE,-£9.20,+£1190.44
09/09/2020,))),HENRYS COFFEE HOUSDUNDEE,-£4.65,+£1199.64
08/09/2020,))),MOZZA             DUNDEE,-£20.25,+£1204.29
08/09/2020,))),T K MAXX          DUNDEE SW,-£13.97,+£1224.54
08/09/2020,VIS,MATALAN           DUNDEE,-£37.00,+£1238.51
07/09/2020,))),TESCO STORE ****  DUNDEE RIVER,-£18.00,+£1275.51
07/09/2020,))),THE NAIL KITCHEN  DUNDEE,-£27.00,+£1293.51
07/09/2020,VIS,DELIVEROO PLUS - ULONDON,-£11.49,+£1320.51
07/09/2020,VIS,DELIVEROO.CO.UK   LONDON,-£16.00,+£1332.00
07/09/2020,DD,PURE PLANET,-£25.72,+£1348.00
06/09/2020,CR,************************************,+£200.00,+£1373.72
03/09/2020,VIS,STAGECOACH BUS    STOCKPORT,-£8.20,+£1173.72
03/09/2020,VIS,UNI OF ST ANDREWS ST ANDREWS,-£69.25,+£1181.92
02/09/2020,BP,************************************,-£100.00,+£1251.17
01/09/2020,))),MARKS&SPENCER PLC DUNDEE,-£12.00,+£1351.17
01/09/2020,))),Lush UK           Dundee,-£18.20,+£1363.17
01/09/2020,VIS,H & M             DUNDEE,-£133.14,+£1381.37
01/09/2020,VIS,H & M             DUNDEE,+£97.67,+£1514.51
01/09/2020,VIS,PAYPAL *SPOTIFY   ***********,-£4.99,+£1416.84
01/09/2020,VIS,PAYPAL *VIRGIN WIF***********,-£15.00,+£1421.83
01/09/2020,VIS,BRITISH A   ******LONDON,-£488.47,+£1436.83
01/09/2020,CR,************************************,+£300.00,+£1925.30
31/08/2020,CR,************************************,+£20.00,+£1625.30
26/08/2020,VIS,INT'L **********  PAYPAL *SAMSONITE ***********,+£164.50,+£1605.30
24/08/2020,))),GOURMET BURGER    LONDON SW** *,-£20.55,+£1440.80
24/08/2020,VIS,JOHN LEWIS        BASINGSTOKE,-£59.50,+£1461.35
24/08/2020,VIS,WAITROSE ***      BASINGSTOKE,-£3.49,+£1520.85
24/08/2020,VIS,PREMIER INN*******DUNDEE,-£107.50,+£1524.34
21/08/2020,BP,************************************,-£100.00,+£1631.84
21/08/2020,VIS,UNIVERSITY OF ST A***** ******,-£50.00,+£1731.84
21/08/2020,VIS,BRITISH A   ******LONDON,-£92.87,+£1781.84
21/08/2020,BP,************************************,-£15.00,+£1874.71
20/08/2020,CR,************************************,+£92.87,+£1889.71
20/08/2020,CR,************************************,+£107.00,+£1796.84
20/08/2020,VIS,PAYPAL *GOOGLE GOO***********,-£1.59,+£1689.84
20/08/2020,VIS,UNIVERSITY OF ST A***** ******,-£120.00,+£1691.43
18/08/2020,))),TESCO STORE ****  HOOK,-£37.07,+£1811.43
17/08/2020,VIS,INT'L **********  PAYPAL *SAMSONITE ***********,-£164.50,+£1848.50
17/08/2020,VIS,PAYPAL *NINFAPT   ***********,-£122.04,+£2013.00
14/08/2020,DD,PURE PLANET,-£52.66,+£2135.04
12/08/2020,))),HONEST BURGERS GRELONDON,-£14.75,+£2187.70
12/08/2020,))),TESCO STORE ****  HOOK,-£0.85,+£2202.45
11/08/2020,VIS,BOOTS THE CHEMISTSCANARY WHARF,-£64.30,+£2203.30
10/08/2020,VIS,LONDON BOROUGH/GREWOOLWICH SE**,-£199.77,+£2267.60
05/08/2020,VIS,POST OFFICE COUNTEGREENWICH,-£56.74,+£2467.37
05/08/2020,CR,************************************,+£99.85,+£2524.11
03/08/2020,))),Brown and White   Hook,-£20.00,+£2424.26
03/08/2020,CR,************************************,+£300.00,+£2444.26
31/07/2020,))),SAINSBURYS S/MKTS LONDON  SE**,-£25.33,+£2144.26
31/07/2020,))),TESCO STORE ****  LEWISHAM,-£18.46,+£2169.59
31/07/2020,BP,************************************,-£100.00,+£2188.05
30/07/2020,))),INT'L **********  MARCHESI **** UK  LONDON,-£5.00,+£2288.05
30/07/2020,))),PRET A MANGER     **,-£7.59,+£2293.05
30/07/2020,))),MBUK Trading Ltd  London,-£4.90,+£2300.64
30/07/2020,))),H.R.HIGGINS(COFFEELONDON  W*K,-£7.30,+£2305.54
30/07/2020,VIS,UNIQLO (EUROPE) LTOXFORD ST FLA,+£9.90,+£2312.84
30/07/2020,VIS,PAYPAL *ABERCROMBI***********,+£23.10,+£2302.94
29/07/2020,VIS,PAYPAL *SPOTIFY   ***********,-£4.99,+£2279.84
28/07/2020,))),WAITROSE ***      GREENWICH,-£32.81,+£2284.83
27/07/2020,VIS,PAYPAL *UNIQLO A*************,-£52.60,+£2317.64
27/07/2020,VIS,PAYPAL *ETSY UK   ***********,-£25.00,+£2370.24
27/07/2020,VIS,PAYPAL *SOAP DAZE ***********,-£13.95,+£2395.24
27/07/2020,))),ICELAND           DEPTFORD,-£19.00,+£2409.19
27/07/2020,))),TESCO STORE ****  LEWISHAM,-£28.89,+£2428.19
24/07/2020,VIS,PAYPAL *TORTHAIR  ***********,-£70.20,+£2457.08
24/07/2020,))),LIDL GB LEWISHAM  LEIWSHAM,-£12.62,+£2527.28
22/07/2020,))),INT'L **********  FLYINGTIGER READINREADING,-£0.50,+£2539.90
22/07/2020,VIS,PAYPAL *ABERCROMBI***********,-£54.16,+£2540.40
22/07/2020,))),PRET A MANGER     ***,-£2.15,+£2594.56
22/07/2020,))),TACO BELL         READING,-£7.37,+£2596.71
21/07/2020,BP,************************************,+£13.16,+£2604.08
20/07/2020,DR,************************************,-£0.03,+£2590.92
20/07/2020,VIS,INT'L **********  ALIEXPRESS        LONDON            USD *.** @ *.****  Visa Rate,-£1.14,+£2590.95
20/07/2020,VIS,PAYPAL *GOOGLE GOO***********,-£1.59,+£2592.09
20/07/2020,VIS,PAYPAL *TORTHAIR  ***********,-£23.30,+£2593.68
19/07/2020,CR,************************************,+£10.02,+£2616.98
18/07/2020,CR,************************************,+£13.15,+£2606.96
18/07/2020,BP,************************************,-£10.50,+£2593.81
17/07/2020,VIS,PREMIER PRODUCTS (WWW.PREMIERPR,-£30.96,+£2604.31
16/07/2020,CR,************************************,+£3.10,+£2635.27
14/07/2020,DD,PURE PLANET,-£52.66,+£2632.17
13/07/2020,))),WAITROSE ***      GREENWICH,-£0.22,+£2684.83
13/07/2020,))),MCDONALDS         LONDON  SE**,-£1.78,+£2685.05
13/07/2020,))),LUSH DESIGNS      LONDON,-£25.70,+£2686.83
12/07/2020,BP,************************************,-£675.00,+£2712.53
10/07/2020,))),ASDA  STORES **** DEPTFORD,-£11.16,+£3387.53
09/07/2020,))),WAITROSE ***      BLOOMSBURY,-£4.48,+£3398.69
07/07/2020,CR,************************************,+£0.05,+£3403.17
07/07/2020,VIS,INT'L **********  WWW.ALIEXPRESS.COMLONDON            USD *.** @ *.****  Visa Rate,+£2.08,+£3403.12
07/07/2020,BP,************************************,-£150.00,+£3401.04
01/07/2020,CR,************************************,+£300.00,+£3551.04
29/06/2020,VIS,PAYPAL *SPOTIFY   ***********,-£4.99,+£3251.04
26/06/2020,VIS,DVSA *LEARNER     LONDON,-£23.00,+£3256.03
24/06/2020,CR,************************************,+£13.16,+£3279.03
23/06/2020,BP,************************************,+£13.16,+£3265.87
22/06/2020,VIS,PAYPAL *GOOGLE GOO***********,-£1.59,+£3252.71
22/06/2020,))),MUJI TCR          London,-£5.45,+£3254.30
22/06/2020,BP,************************************,-£8.46,+£3259.75
20/06/2020,CR,************************************,+£13.16,+£3268.21
19/06/2020,VIS,DELIVEROO.CO.UK   LONDON,-£10.06,+£3255.05
15/06/2020,DD,PURE PLANET,-£52.66,+£3265.11
12/06/2020,BP,************************************,-£675.00,+£3317.77
05/06/2020,BP,************************************,-£120.00,+£3992.77
04/06/2020,VIS,PAYPAL *BULKPOWDER***********,-£46.01,+£4112.77
01/06/2020,VIS,INT'L **********  PAYPAL *WERENOTREA**********,-£0.85,+£4158.78
01/06/2020,))),EMBAS EXPRESS **  LONDON,-£19.16,+£4159.63
01/06/2020,))),PAY LESS          NEW CROSS,-£1.18,+£4178.79
01/06/2020,CR,************************************,+£300.00,+£4179.97
29/05/2020,))),SAINSBURYS S/MKTS LONDON  SE**,-£8.25,+£3879.97
29/05/2020,))),LIDL GB LEWISHAM  LEIWSHAM,-£13.44,+£3888.22
29/05/2020,VIS,PAYPAL *SPOTIFY   ***********,-£4.99,+£3901.66
28/05/2020,BP,************************************,-£50.00,+£3906.65
26/05/2020,VIS,INT'L **********  PAYPAL *NINTENDO  **********,-£11.53,+£3956.65
26/05/2020,VIS,INT'L **********  SurveyMonkey      Dublin,-£5.00,+£3968.18
21/05/2020,BP,************************************,+£14.45,+£3973.18
20/05/2020,VIS,PAYPAL *GOOGLE GOO***********,-£1.59,+£3958.73
19/05/2020,CR,************************************,+£6.18,+£3960.32
14/05/2020,DD,PURE PLANET,-£52.66,+£3954.14
12/05/2020,BP,************************************,-£675.00,+£4006.80
11/05/2020,VIS,PAYPAL *SAINSBURYS***********,-£24.00,+£4681.80
07/05/2020,DR,************************************,-£0.03,+£4705.80
07/05/2020,VIS,INT'L **********  ALIEXPRESS.COM    London            USD *.** @ *.****  Visa Rate,-£1.43,+£4705.83
07/05/2020,DR,************************************,-£0.04,+£4707.26
07/05/2020,VIS,INT'L **********  WWW.ALIEXPRESS.COMLUXEMBOURG        USD *.** @ *.****  Visa Rate,-£1.46,+£4707.30
07/05/2020,DR,************************************,-£0.24,+£4708.76
07/05/2020,VIS,INT'L **********  WWW.ALIEXPRESS.COMLONDON            USD **.** @ *.**** Visa Rate,-£8.99,+£4709.00
06/05/2020,BP,************************************,-£100.00,+£4717.99
01/05/2020,DR,************************************,-£0.03,+£4817.99
01/05/2020,VIS,INT'L **********  ALIEXPRESS        LONDON            USD *.** @ *.****  Visa Rate,-£1.33,+£4818.02
01/05/2020,CR,************************************,+£300.00,+£4819.35
30/04/2020,DR,************************************,-£0.09,+£4519.35
30/04/2020,VIS,INT'L **********  ALIEXPRESS.COM    London            USD *.** @ *.****  Visa Rate,-£3.41,+£4519.44
30/04/2020,DR,************************************,-£0.26,+£4522.85
30/04/2020,VIS,INT'L **********  ALIEXPRESS.COM    London            USD **.** @ *.**** Visa Rate,-£9.55,+£4523.11
30/04/2020,DR,************************************,-£0.05,+£4532.66
30/04/2020,VIS,INT'L **********  WWW.ALIEXPRESS.COMLONDON            USD *.** @ *.****  Visa Rate,-£2.11,+£4532.71
29/04/2020,VIS,PAYPAL *SPOTIFY   ***********,-£4.99,+£4534.82
28/04/2020,BP,************************************,+£13.16,+£4539.81
27/04/2020,VIS,PAYPAL *ETSY UK   ***********,-£10.99,+£4526.65
27/04/2020,CR,******************,+£2189.94,+£4537.64
25/04/2020,CR,************************************,+£13.15,+£2347.70
25/04/2020,CR,************************************,+£28.00,+£2334.55
24/04/2020,CR,******************,+£200.00,+£2306.55
23/04/2020,VIS,INT'L **********  PAYPAL *NINTENDO  **********,-£17.99,+£2106.55
21/04/2020,VIS,PAUL RHODES BAKERYLONDON,-£28.50,+£2124.54
20/04/2020,VIS,PAYPAL *GOOGLE GOO***********,-£1.59,+£2153.04
19/04/2020,CR,************************************,+£4.89,+£2154.63
19/04/2020,BP,************************************,-£675.00,+£2149.74
14/04/2020,DD,PURE PLANET,-£52.66,+£2824.74
06/04/2020,VIS,INT'L **********  PAYPAL *NINTENDO  **********,-£3.49,+£2877.40
06/04/2020,BP,************************************,-£10.43,+£2880.89
02/04/2020,BP,************************************,-£200.00,+£2891.32
01/04/2020,VIS,INT'L **********  PAYPAL *NINTENDO  **********,-£1.49,+£3091.32
01/04/2020,CR,************************************,+£300.00,+£3092.81
31/03/2020,VIS,INT'L **********  PAYPAL *NINTENDO  **********,-£1.49,+£2792.81
31/03/2020,))),SAINSBURYS S/MKTS LONDON  SE**,-£3.00,+£2794.30
30/03/2020,VIS,PAYPAL *SPOTIFY   ***********,-£4.99,+£2797.30
30/03/2020,VIS,PAYPAL *NINTENDO U***********,-£202.83,+£2802.29
30/03/2020,VIS,PAYPAL *NINTENDO U***********,-£47.16,+£3005.12
30/03/2020,VIS,PAYPAL *ETSY.COM  ***********,-£10.00,+£3052.28
24/03/2020,VIS,INT'L **********  PAYPAL *TOOGOODTOG***********,+£4.00,+£3062.28
24/03/2020,))),WAITROSE ***      GREENWICH,-£6.36,+£3058.28
24/03/2020,))),ASDA  STORES **** DEPTFORD,-£3.94,+£3064.64
24/03/2020,))),POST OFFICE COUNTEGREENWICH,-£1.15,+£3068.58
23/03/2020,VIS,INT'L **********  PAYPAL *TOOGOODTOG***********,-£4.00,+£3069.73
20/03/2020,VIS,PAYPAL *GOOGLE GOO***********,-£1.59,+£3073.73
20/03/2020,VIS,PAYPAL *BOUXAVENUE***********,+£28.00,+£3075.32
19/03/2020,VIS,PAYPAL *MONTEZUMAS***********,-£26.45,+£3047.32
18/03/2020,DR,************************************,-£0.14,+£3073.77
18/03/2020,VIS,INT'L **********  ALIEXPRESS        LONDON            USD *.** @ *.****  Visa Rate,-£5.43,+£3073.91
16/03/2020,VIS,PAYPAL *SAINSBURYS***********,+£69.00,+£3079.34
16/03/2020,BP,************************************,+£19.75,+£3010.34
16/03/2020,DD,PURE PLANET,-£79.00,+£2990.59
15/03/2020,CR,************************************,+£19.75,+£3069.59
13/03/2020,CR,************************************,+£19.75,+£3049.84
12/03/2020,VIS,PAYPAL *REVIVALBOO***********,-£2.75,+£3030.09
12/03/2020,VIS,PAYPAL *SAINSBURYS***********,-£111.00,+£3032.84
12/03/2020,VIS,PAYPAL *BOUXAVENUE***********,-£64.00,+£3143.84
12/03/2020,BP,************************************,-£670.00,+£3207.84
11/03/2020,VIS,GREENWICH THEATRE GREENWICH,-£10.00,+£3877.84
10/03/2020,VIS,PAYPAL *BOOKSHOP E***********,-£2.95,+£3887.84
07/03/2020,CR,************************************,+£14.00,+£3890.79
06/03/2020,VIS,INT'L **********  PAYPAL *FLIXBUS   ***********,-£12.58,+£3876.79
03/03/2020,))),ALGERIAN COFFE STOLONDON W*V,-£7.50,+£3889.37
03/03/2020,BP,************************************,-£200.00,+£3896.87
02/03/2020,))),INT'L **********  CANARY WHARF      LONDON,-£7.00,+£4096.87
02/03/2020,))),GODDARDS AT GREENWGREENWICH,-£4.80,+£4103.87
02/03/2020,VIS,GODDARDS AT GREENWGREENWICH,-£3.00,+£4108.67
02/03/2020,))),IZ *BREAD AND BUTLDeptford,-£2.70,+£4111.67
02/03/2020,))),SAINSBURYS S/MKTS LONDON  SE**,-£1.00,+£4114.37
02/03/2020,CR,************************************,+£300.00,+£4115.37
28/02/2020,))),SAINSBURYS S/MKTS LONDON  SE**,-£11.50,+£3815.37
28/02/2020,))),THE FULL NELSON   LONDON  SE*,-£30.00,+£3826.87
28/02/2020,))),LIDL GB LEWISHAM  LEIWSHAM,-£3.67,+£3856.87
27/02/2020,))),CAFE DE NATA LTD  LONDON  W*D,-£5.00,+£3860.54
27/02/2020,VIS,Spotify UK        London,-£14.99,+£3865.54
26/02/2020,VIS,MONEYSUPERMARKET GEWLOE,-£8.92,+£3880.53
25/02/2020,BP,************************************,-£8.27,+£3889.45
25/02/2020,BP,************************************,-£10.43,+£3897.72
24/02/2020,CR,******************,+£204.64,+£3908.15
21/02/2020,CR,************************************,+£28.70,+£3703.51
20/02/2020,VIS,PAYPAL *GOOGLE GOO***********,-£1.59,+£3674.81
18/02/2020,BP,************************************,+£9.00,+£3676.40
18/02/2020,BP,************************************,+£19.75,+£3667.40
18/02/2020,VIS,PAYPAL *ADIDASUKLI***********,+£4.61,+£3647.65
16/02/2020,CR,************************************,+£28.75,+£3643.04
14/02/2020,DD,PURE PLANET,-£79.00,+£3614.29
13/02/2020,VIS,WHO GIVES A CRAP  LONDON,-£36.00,+£3693.29
13/02/2020,VIS,PAYPAL *ADIDASUKLI***********,+£30.22,+£3729.29
12/02/2020,BP,************************************,-£675.00,+£3699.07
11/02/2020,CR,************************************,+£200.00,+£4374.07
11/02/2020,CR,************************************,+£50.00,+£4174.07
10/02/2020,VIS,INT'L **********  RYANAIR     FB*GMKPAYPAL COM,-£18.02,+£4124.07
10/02/2020,VIS,EASYJET     ***K*FLUTON  BEDS,-£45.98,+£4142.09
10/02/2020,VIS,PAYPAL *AIRBNB  HM***********,-£63.74,+£4188.07
04/02/2020,VIS,INT'L **********  PAYPAL *USCUSTOMSB**********,-£11.12,+£4251.81
04/02/2020,VIS,PAYPAL *ADIDASUKLI***********,-£34.83,+£4262.93
04/02/2020,VIS,DENTALCARE HOOK   HOOK,-£51.00,+£4297.76
03/02/2020,BP,************************************,-£10.50,+£4348.76
03/02/2020,BP,************************************,-£200.00,+£4359.26
03/02/2020,CR,************************************,+£300.00,+£4559.26
31/01/2020,))),SAINSBURYS S/MKTS NEW CROSS GAT,-£12.40,+£4259.26
31/01/2020,BP,************************************,-£8.27,+£4271.66
29/01/2020,))),WAITROSE ***      GREENWICH,-£12.35,+£4279.93
29/01/2020,))),MARKS&SPENCER PLC GREENWICH,-£8.50,+£4292.28
27/01/2020,))),FIVE GUYS CANARY WLONDON,-£5.50,+£4300.78
27/01/2020,))),STARBUCKS         LONDON,-£3.00,+£4306.28
27/01/2020,VIS,Spotify UK        London,-£14.99,+£4309.28
27/01/2020,))),WAITROSE ***      GREENWICH,-£9.05,+£4324.27
27/01/2020,))),STARBUCKS         GREENWICH,-£3.25,+£4333.32
27/01/2020,VIS,PAYPAL *AS LIMITED***********,-£8.39,+£4336.57
27/01/2020,VIS,PAYPAL *ADIDASUKLI***********,-£60.20,+£4344.96
24/01/2020,))),SUBWAY *****      LONDON,-£4.98,+£4405.16
23/01/2020,VIS,INT'L **********  PAYPAL *ORIGIN.COM**********,-£9.99,+£4410.14
23/01/2020,))),ASDA  STORES **** DEPTFORD,-£5.25,+£4420.13
23/01/2020,CR,************************************,+£4.99,+£4425.38
22/01/2020,BP,************************************,+£19.75,+£4420.39
20/01/2020,))),PECKHAMPLEX       LONDON,-£14.97,+£4400.64
20/01/2020,))),CO-OP GROUP FOOD  LONDON  SE*,-£7.00,+£4415.61
20/01/2020,))),SAINSBURYS S/MKTS NEW CROSS GAT,-£2.00,+£4422.61
20/01/2020,VIS,PAYPAL *GOOGLE GOO***********,-£1.59,+£4424.61
20/01/2020,VIS,WM MORRISONS STORELONDON  SE**,-£2.25,+£4426.20
17/01/2020,CR,************************************,+£20.00,+£4428.45
16/01/2020,CR,******************,+£8.00,+£4408.45
16/01/2020,CR,************************************,+£19.75,+£4400.45
